<record><leader>00000cas a22000007a 4500</leader><controlfield tag="001">11217777</controlfield><controlfield tag="008">841001c19819999nyudn ne      0   a0eng d</controlfield><controlfield tag="009">148</controlfield><datafield ind1=" " ind2=" " tag="010"><subfield code="a">sn 84031084 </subfield></datafield><datafield ind1=" " ind2=" " tag="040"><subfield code="a">NYG</subfield><subfield code="b">eng</subfield><subfield code="c">NYG</subfield><subfield code="d">NSD</subfield><subfield code="d">NYS</subfield><subfield code="d">OCLCQ</subfield></datafield><datafield ind1=" " ind2=" " tag="012"><subfield code="m">1</subfield></datafield><datafield ind1="1" ind2=" " tag="022"><subfield code="a">8755-9110</subfield><subfield code="l">8755-9110</subfield><subfield code="2">1</subfield></datafield><datafield ind1="1" ind2=" " tag="029"><subfield code="a">AU@</subfield><subfield code="b">000020344703</subfield></datafield><datafield ind1=" " ind2=" " tag="032"><subfield code="a">477400</subfield><subfield code="b">USPS</subfield></datafield><datafield ind1=" " ind2=" " tag="042"><subfield code="a">msc</subfield><subfield code="a">nsdp</subfield></datafield><datafield ind1=" " ind2="0" tag="222"><subfield code="a">Salamanca press</subfield></datafield><datafield ind1="0" ind2="0" tag="245"><subfield code="a">Salamanca press.</subfield></datafield><datafield ind1="3" ind2="0" tag="246"><subfield code="a">Salamanca press earlybird</subfield></datafield><datafield ind1="3" ind2="0" tag="246"><subfield code="a">Earlybird</subfield></datafield><datafield ind1=" " ind2=" " tag="260"><subfield code="a">Salamanca, N.Y. :</subfield><subfield code="b">Austin Weber,</subfield><subfield code="c">1981-</subfield></datafield><datafield ind1=" " ind2=" " tag="300"><subfield code="a">v. :</subfield><subfield code="b">ill.</subfield></datafield><datafield ind1=" " ind2=" " tag="310"><subfield code="a">Daily (except Sunday and holidays),</subfield><subfield code="b">&lt;Nov. 1, 1984&gt;-</subfield></datafield><datafield ind1=" " ind2=" " tag="321"><subfield code="a">Daily (except Sunday),</subfield><subfield code="b">Sept. 1, 1981-</subfield></datafield><datafield ind1="0" ind2=" " tag="362"><subfield code="a">115th year, no. 108 (Sept. 1, 1981)-</subfield></datafield><datafield ind1=" " ind2=" " tag="500"><subfield code="a">Saturday issues published as: Salamanca press earlybird, &lt;1993&gt;.</subfield></datafield><datafield ind1=" " ind2="4" tag="651"><subfield code="a">Salamanca (N.Y.)</subfield><subfield code="v">Newspapers.</subfield></datafield><datafield ind1=" " ind2=" " tag="752"><subfield code="a">United States</subfield><subfield code="b">New York</subfield><subfield code="c">Cattaraugus</subfield><subfield code="d">Salamanca.</subfield></datafield><datafield ind1="0" ind2="0" tag="780"><subfield code="t">Salamanca Republican-press</subfield><subfield code="w">(DLC)sn 84031083</subfield><subfield code="w">(OCoLC)11217770</subfield></datafield></record>